

@book{atmelISA,
	author = "Atmel Corporation",
	title = "AVR 8-bit instruction set manual"
}
